@inproceedings{pons2005computing,
  title={Computing communities in large networks using random walks},
  author={Pons, Pascal and Latapy, Matthieu},
  booktitle={ISCIS},
  volume={3733},
  pages={284--293},
  year={2005}
}

@article{zachary1977information,
  	title={An information flow model for conflict and fission in small groups},
  	author={Zachary, Wayne W},
 	journal={Journal of anthropological research},
	volume={33},
	number={4},
	pages={452--473},
	year={1977},
	publisher={University of New Mexico}
}

@article{girvan2002community,
  title={Community structure in social and biological networks},
  author={Girvan, Michelle and Newman, Mark EJ},
  journal={Proceedings of the national academy of sciences},
  volume={99},
  number={12},
  pages={7821--7826},
  year={2002},
  publisher={National Acad Sciences}
}